<record><leader>00000cas a2200000 i 4500</leader><controlfield tag="001">15063295</controlfield><controlfield tag="008">870113d18921979inuwr ne      0    0eng c</controlfield><datafield ind1=" " ind2=" " tag="010"><subfield code="a">sn 87055063 </subfield></datafield><datafield ind1=" " ind2=" " tag="040"><subfield code="a">NPI</subfield><subfield code="b">eng</subfield><subfield code="e">rda</subfield><subfield code="c">NPI</subfield><subfield code="d">OCLCQ</subfield><subfield code="d">IUL</subfield><subfield code="d">OCLCF</subfield></datafield><datafield ind1=" " ind2=" " tag="042"><subfield code="a">pcc</subfield></datafield><datafield ind1=" " ind2=" " tag="043"><subfield code="a">n-us-in</subfield></datafield><datafield ind1="0" ind2="0" tag="245"><subfield code="a">Starke County Democrat.</subfield></datafield><datafield ind1="3" ind2="0" tag="246"><subfield code="a">Daily Democrat</subfield></datafield><datafield ind1=" " ind2="1" tag="264"><subfield code="a">Knox, Ind. :</subfield><subfield code="b">Gorrell Bros.,</subfield><subfield code="c">1892-1979.</subfield></datafield><datafield ind1=" " ind2=" " tag="300"><subfield code="a">87 volumes :</subfield><subfield code="b">illustrations</subfield></datafield><datafield ind1=" " ind2=" " tag="310"><subfield code="a">Weekly</subfield></datafield><datafield ind1=" " ind2=" " tag="336"><subfield code="a">text</subfield><subfield code="b">txt</subfield><subfield code="2">rdacontent</subfield></datafield><datafield ind1=" " ind2=" " tag="337"><subfield code="a">unmediated</subfield><subfield code="b">n</subfield><subfield code="2">rdamedia</subfield></datafield><datafield ind1=" " ind2=" " tag="338"><subfield code="a">volume</subfield><subfield code="b">nc</subfield><subfield code="2">rdacarrier</subfield></datafield><datafield ind1="0" ind2=" " tag="362"><subfield code="a">Vol. 24, no. 31 (June 3, 1892)-v. 110, no. 28 (Jan. 25, 1979).</subfield></datafield><datafield ind1=" " ind2=" " tag="500"><subfield code="a">"Special street fair edition" called: The daily Democrat, Sept. 11, 1901-&lt;Sept. 14, 1901&gt;.</subfield></datafield><datafield ind1=" " ind2="0" tag="651"><subfield code="a">Knox (Ind.)</subfield><subfield code="v">Newspapers.</subfield></datafield><datafield ind1=" " ind2="0" tag="651"><subfield code="a">Starke County (Ind.)</subfield><subfield code="v">Newspapers.</subfield></datafield><datafield ind1=" " ind2="7" tag="651"><subfield code="a">Indiana</subfield><subfield code="z">Knox.</subfield><subfield code="2">fast</subfield><subfield code="0">(OCoLC)fst01227014</subfield></datafield><datafield ind1=" " ind2="7" tag="651"><subfield code="a">Indiana</subfield><subfield code="z">Starke County.</subfield><subfield code="2">fast</subfield><subfield code="0">(OCoLC)fst01219719</subfield></datafield><datafield ind1=" " ind2="7" tag="655"><subfield code="a">Newspapers.</subfield><subfield code="2">fast</subfield><subfield code="0">(OCoLC)fst01423814</subfield></datafield><datafield ind1=" " ind2=" " tag="752"><subfield code="a">United States</subfield><subfield code="b">Indiana</subfield><subfield code="c">Starke</subfield><subfield code="d">Knox.</subfield></datafield><datafield ind1="0" ind2="0" tag="780"><subfield code="t">Stark[e] County ledger</subfield><subfield code="w">(DLC)sn 84023975</subfield><subfield code="w">(OCoLC)11105092</subfield></datafield><datafield ind1="0" ind2="0" tag="785"><subfield code="t">Democrat (Knox, Ind.)</subfield><subfield code="w">(DLC)sn 87055062</subfield><subfield code="w">(OCoLC)15063347</subfield></datafield><datafield ind1="4" ind2="1" tag="856"><subfield code="u">https://access.newspaperarchive.com/us/indiana/knox/knox-starke-county-democrat</subfield></datafield><datafield ind1="4" ind2="1" tag="856"><subfield code="u">https://access.newspaperarchive.com/us/indiana/knox/knox-daily-democrat</subfield></datafield></record>